<record><leader>00000cas a2200000 a 4500</leader><controlfield tag="001">304627581</controlfield><controlfield tag="008">090213d20092013wauwr ne      0   a0eng c</controlfield><datafield ind1=" " ind2=" " tag="010"><subfield code="a">  2009252740</subfield></datafield><datafield ind1=" " ind2=" " tag="040"><subfield code="a">WRJ</subfield><subfield code="b">eng</subfield><subfield code="c">WRJ</subfield><subfield code="d">WAU</subfield><subfield code="d">DLC</subfield><subfield code="d">OCLCQ</subfield><subfield code="d">WAU</subfield><subfield code="d">DLC</subfield><subfield code="d">WAU</subfield><subfield code="d">OCLCF</subfield><subfield code="d">OCLCA</subfield></datafield><datafield ind1=" " ind2=" " tag="012"><subfield code="m">d</subfield></datafield><datafield ind1="0" ind2=" " tag="022"><subfield code="a">2160-3642</subfield><subfield code="2">1</subfield></datafield><datafield ind1=" " ind2=" " tag="042"><subfield code="a">pcc</subfield><subfield code="a">nsdp</subfield></datafield><datafield ind1=" " ind2=" " tag="043"><subfield code="a">n-us-wa</subfield></datafield><datafield ind1="1" ind2="0" tag="050"><subfield code="a">ISSN RECORD</subfield></datafield><datafield ind1="1" ind2="0" tag="082"><subfield code="a">070</subfield><subfield code="2">14</subfield></datafield><datafield ind1=" " ind2="0" tag="222"><subfield code="a">West Seattle herald/White Center news</subfield></datafield><datafield ind1="0" ind2="0" tag="245"><subfield code="a">West Seattle herald/White Center news.</subfield></datafield><datafield ind1="3" ind2="0" tag="246"><subfield code="a">White Center news</subfield></datafield><datafield ind1=" " ind2=" " tag="260"><subfield code="a">Seattle, WA :</subfield><subfield code="b">West Seattle Herald, Inc.,</subfield><subfield code="c">2009-2013.</subfield></datafield><datafield ind1=" " ind2=" " tag="300"><subfield code="a">5 v. :</subfield><subfield code="b">ill. ;</subfield><subfield code="c">44 cm.</subfield></datafield><datafield ind1=" " ind2=" " tag="310"><subfield code="a">Weekly</subfield></datafield><datafield ind1="0" ind2=" " tag="362"><subfield code="a">Vol. 91, no. 4 (Jan. 28, 2009)-v. 95, no. 35 (Aug. 30, 2013).</subfield></datafield><datafield ind1=" " ind2=" " tag="530"><subfield code="a">Also issued on Internet.</subfield></datafield><datafield ind1=" " ind2=" " tag="580"><subfield code="a">Formed by the union of: West Seattle herald; and, White Center news, and continues the numbering of the former.</subfield></datafield><datafield ind1=" " ind2=" " tag="580"><subfield code="a">Merged with: Ballard news-tribune, and Highland Times, to form: Westside weekly.</subfield></datafield><datafield ind1=" " ind2="0" tag="651"><subfield code="a">Seattle (Wash.)</subfield><subfield code="v">Newspapers.</subfield></datafield><datafield ind1=" " ind2="0" tag="651"><subfield code="a">White Center (Wash.)</subfield><subfield code="v">Newspapers.</subfield></datafield><datafield ind1=" " ind2="7" tag="655"><subfield code="a">Community newspapers</subfield><subfield code="z">Washington (State)</subfield><subfield code="z">Seattle.</subfield><subfield code="2">ngl</subfield></datafield><datafield ind1=" " ind2="7" tag="655"><subfield code="a">Community newspapers</subfield><subfield code="z">Washington (State)</subfield><subfield code="z">White Center.</subfield><subfield code="2">ngl</subfield></datafield><datafield ind1=" " ind2="7" tag="655"><subfield code="a">Newspapers.</subfield><subfield code="2">fast</subfield><subfield code="0">(OCoLC)fst01423814</subfield></datafield><datafield ind1=" " ind2="7" tag="651"><subfield code="a">Washington (State)</subfield><subfield code="z">Seattle.</subfield><subfield code="2">fast</subfield><subfield code="0">(OCoLC)fst01204940</subfield></datafield><datafield ind1=" " ind2="7" tag="651"><subfield code="a">Washington (State)</subfield><subfield code="z">White Center.</subfield><subfield code="2">fast</subfield><subfield code="0">(OCoLC)fst01279389</subfield></datafield><datafield ind1=" " ind2=" " tag="752"><subfield code="a">United States</subfield><subfield code="b">Washington</subfield><subfield code="c">King</subfield><subfield code="d">Seattle.</subfield></datafield><datafield ind1="1" ind2="4" tag="780"><subfield code="t">West Seattle herald</subfield><subfield code="w">(DLC)sn 87093464</subfield><subfield code="w">(OCoLC)17293408</subfield></datafield><datafield ind1="1" ind2="4" tag="780"><subfield code="t">White Center news</subfield><subfield code="w">(DLC)sn 87093466</subfield><subfield code="w">(OCoLC)17293458</subfield></datafield><datafield ind1="1" ind2="7" tag="785"><subfield code="t">Highline times (Burien, Wash. : 1998)</subfield><subfield code="w">(OCoLC)44268407</subfield></datafield><datafield ind1="1" ind2="7" tag="785"><subfield code="t">Ballard news-tribune (Seattle, Wash. : 1976)</subfield><subfield code="x">1535-914X</subfield><subfield code="w">(DLC)sn 87093336</subfield><subfield code="w">(OCoLC)17243228</subfield></datafield><datafield ind1="1" ind2="7" tag="785"><subfield code="t">Westside weekly (Seattle, Wash.)</subfield><subfield code="x">2331-2785</subfield><subfield code="w">(DLC)  2013273515</subfield><subfield code="w">(OCoLC)857768519</subfield></datafield><datafield ind1="4" ind2="1" tag="856"><subfield code="u">http://www.westseattleherald.com/</subfield><subfield code="z">View online version</subfield></datafield></record>